@misc{draft-ietf-core-coap-18,
  author={Zach Shelby, Klaus Hartke, Carsten Bormann},
  title="Constrained Application Protocol (CoAP)",
  series="Internet Draft",
  number="18",
  howpublished="Internet-Drafts",
  publisher="IETF",
  organization="Internet Engineering Task Force",
  year=2013,
  month=june,
    url="http://www.ietf.org/id/draft-ietf-core-coap-18.txt",
}

@misc{rfc6690,
    author={Zach Shelby},
    title="Constrained RESTful Environments (CoRE) Link Format",
    series="Request for Comments",
    number="6690",
    howpublished="RFC 5280 (Proposed Standard)",
    publisher="IETF",
    organization="Internet Engineering Task Force",
    year=2012,
    month=august,
    url="http://tools.ietf.org/rfc/rfc6690.txt",
}

@article{diffiehelman,
	author = "Whitfield Diffie and Martin Edward Hellman",
	title = "New directions in cryptography",
	volume = "22",
	journal = "IEEE Transactions on Information Theory",
	year = "1976"
}
